@phdthesis{Pauly2003,
author = {Pauly, Mark},
booktitle = {Science},
title = {{Point Primitives for Interactive Modeling and Processing of 3D Geometry}},
year = {2003}
}
